<record><leader>00000cas a22000007a 4500</leader><controlfield tag="001">13650865</controlfield><controlfield tag="008">860528d19321936mtuwr ne      0    0eng d</controlfield><datafield ind1=" " ind2=" " tag="010"><subfield code="a">sn 86075196 </subfield></datafield><datafield ind1=" " ind2=" " tag="040"><subfield code="a">MTL</subfield><subfield code="b">eng</subfield><subfield code="c">MTL</subfield><subfield code="d">OCLCQ</subfield></datafield><datafield ind1=" " ind2=" " tag="042"><subfield code="a">msc</subfield></datafield><datafield ind1="0" ind2="4" tag="245"><subfield code="a">The Western progressive.</subfield></datafield><datafield ind1=" " ind2=" " tag="260"><subfield code="a">Helena, Mont. :</subfield><subfield code="b">Western Progressive Pub. Co.,</subfield><subfield code="c">1932-1936.</subfield></datafield><datafield ind1=" " ind2=" " tag="300"><subfield code="a">5 v. :</subfield><subfield code="b">ill. ;</subfield><subfield code="c">38-54 cm.</subfield></datafield><datafield ind1=" " ind2=" " tag="310"><subfield code="a">Weekly,</subfield><subfield code="b">June 8, 1934-Dec. 4, 1936</subfield></datafield><datafield ind1=" " ind2=" " tag="321"><subfield code="a">Semimonthly,</subfield><subfield code="b">Jan. 11-Apr. 1, 1932</subfield></datafield><datafield ind1=" " ind2=" " tag="321"><subfield code="a">Weekly,</subfield><subfield code="b">Apr. 8, 1932-Mar. 3, 1933</subfield></datafield><datafield ind1=" " ind2=" " tag="321"><subfield code="a">Semimonthly,</subfield><subfield code="b">Mar. 17, 1933-May 31, 1934</subfield></datafield><datafield ind1="0" ind2=" " tag="362"><subfield code="a">Vol. 1, no. 1 (Jan. 11, 1932)-v. 5, no. 49 (Dec. 4, 1936).</subfield></datafield><datafield ind1=" " ind2=" " tag="500"><subfield code="a">"Man Over Money; Human Rights Over Property Rights."</subfield></datafield><datafield ind1=" " ind2=" " tag="550"><subfield code="a">Official organ of: Taxpayers' League of Montana.</subfield></datafield><datafield ind1="2" ind2=" " tag="710"><subfield code="a">Taxpayers' League of Montana.</subfield></datafield><datafield ind1=" " ind2=" " tag="752"><subfield code="a">United States</subfield><subfield code="b">Montana</subfield><subfield code="c">Lewis and Clark</subfield><subfield code="d">Helena.</subfield></datafield><datafield ind1="1" ind2=" " tag="775"><subfield code="t">Western progressive (Helena, Mont. : Daily)</subfield><subfield code="g">Jan. 15-Feb. 17, 1935</subfield><subfield code="w">(DLC)sn 86075195</subfield></datafield><datafield ind1="1" ind2=" " tag="029"><subfield code="a">AU@</subfield><subfield code="b">000025802832</subfield></datafield></record>